@book{luxun2006,
  title={编年体鲁迅著作全集: 1926-1927},
  author={鲁迅},
  volume={3},
  year={2006},
  publisher={福建教育出版社}
}