@misc{cohen2006quantum,
  title={Quantum Mechanics (2 vol. set)},
  author={Cohen-Tannoudji, Claude and Diu, Bernard and Laloe, Frank and Dui, Bernard},
  year={2006},
  publisher={Wiley-Interscience}
}